@misc{c-book,
	author = {Mike Banahan and Declan Brady and Mark Doran},
	title = {The C Book},
	howpublished = "Disponível em \url{http://publications.gbdirect.co.uk/c_book/}. Acessado em Maio/2011",
	year = {1991}
}

@book{KeR,
	author = {Kernighan, Brian W. and Ritchie, Dennis M.},
	title = {C - A Linguagem de Programacao Padrao ANSI},
	publisher = {Elsevier Editora LTDA},
	year = 1999,
	address = {Rio de Janeiro, RJ, Brasil}
}

@book{schildt,
	author = {Schildt, Herbert},
	title = {C - Completo e Total},
	publisher = {Makron Books},
	year = {1995},
	address = {São Paulo, SP, Brasil}
}

@book{hopcroft01,
	author = {John E. Hopcroft and Rajeev Motwani and Jeffrey D. Ullman},
	title = {Introduction to automata theory, languages	and computation},
	publisher = {Addison-Wesley},
	year = {2001},
	address = {Boston, Massachusetts, USA}

}

@book{louden97-pt,
	author = {Louden, Kenneth C.},
	title = {Compiladores: Princípios and Prática},
	year = {2004},
	isbn = {8522104220},
	publisher = {Thomson Pioneira},
	address = {São Paulo},
}

@BOOK{new-dragon,
	author = {Alfred V. Aho and Ravi Sethi and Jeffrey D. Ullman},
	title = "Compilers: Principles, Techniques and Tools",
	publisher = "Addison-Wesley",
	year = "1988"
}
@BOOK{new-dragon-pt,
	author = {Alfred V. Aho and Monica S. Lam and Ravi Sethi and Jeffrey D. Ullman},
	title = "Compiladores: Principios, Técnicas e Ferramentas",
	publisher = "Pearson Addison-Wesley",
	year = "2008",
	edition = 2,
	address = {São Paulo}
}
@Book{aho-sethi-ullman,
	author = {Alfred V. Aho and Ravi Sethi and Jeffrey D. Ullman},
	title = "Compilers. Principles, Techniques and Tools",
	publisher = "Addison Wesley",
	year = "1986"
}
@Book{aho74,
	author = {A. V. Aho and J. E. Hopcroft and J. D. Ullman},
	title = {The Design and Analysis of Computer Algorithms},
	publisher = {Addison-Wesley Publishing Company},
	year = 1974
}

@book{louden97,
	author = {Louden, Kenneth C.},
	title = {Compiler Construction: Principles and Practice},
	year = {1997},
	isbn = {0534939724},
	publisher = {PWS Publishing Co.},
	address = {Boston, MA, USA},
}

@book{dict-aurelio,
	author = {Aurélio Buarque de Holanda Ferreira},
	title = {Novo Dicionário da Língua Portuguesa},
	edition = 2,
	year = 1986,
	publisher = {Editora Nova Fronteira S.A.},
	address = {Rio de Janeiro, RJ, Brasil}
}

@book{regex-jargas,
	author = {Aurélio Marinho Jargas},
	title = {Expressões Regulares - Guia de Consulta Rápida},
	year = 2001,
	publisher = {Editora Novatec},
	address = {São Paulo, SP, Brasil}
}

@book{oreilly-yacc,
	author = {John R. Levine and Tony Mason and Doug Brown},
	title = {Lex \& Yacc},
	year = {1992},
	publisher = {O'Reilly Media Inc.},
	address = {Sebastopol, CA, USA},
}

@book{oreilly-bison,
	author = {John Levine},
	title = {Flex \& Bison},
	year = {2009},
	publisher = {O'Reilly Media Inc.},
	address = {Sebastopol, CA, USA},
}

@manual{POSIX.1,
	author ={ISO/IEC{~}9945:2003},
	title = {ISO/IEC{~}9945:2003: Single UNIX Specification, Version 3},
	year = {2004},
	address = {},
}

@misc{bison,
	author = {Robert Corbett and Richard Stallman},
	publisher = "Free Software Fundation",
	title = "Bison Manual",
	year = 2008,
	howpublished = "Disponível em \url{http://www.gnu.org/software/bison/manual/}. Acessado em Março/2011",
}

@misc{flex,
	author = {Vern Paxson and Will Estes and John Millaway},
	title = {Lexical Analysis whit Flex},
	year = 2007,
	howpublished = "Disponível em \url{http://flex.sourceforge.net/manual/index.html}. Acessado em Março/2011."
}
@misc{flex-project,
	title = "Flex Project",
	howpublished = "Disponível em \url{http://flex.sourceforge.net/}. Acessado em Março/2011.",
}
@misc{lex,
	author = {M. E. Lesk and E. Schmidt},
	howpublished = "Disponível em
		\url{http://dinosaur.compilertools.net/lex/index.html}. Acessado em Abril/2011.",
}
@misc{yacc,
	author = {Johnson, Stephen C.},
	howpublished = "Disponível em
		\url{http://dinosaur.compilertools.net/yacc/index.html}. Acessado em Abril/2011.",
}

@misc{graphviz,
	author = {Graphviz},
	howpublished = "Disponível em \url{http://graphviz.org/}. Acessado em Março/2011.",
}


@article{jacobs85,
	author = {C.J.H. Jacobs},
	title = {Some Topics in Parser Genaration},
	publisher = {Vrije Universiteit},
	address = {Amsterdam},
	year = 1985,
	howpublished = "Disponível em \url{ftp://ftp.cs.vu.nl/pub/ceriel/IR-105.ps.Z}. Acessado em Junho/2011"
}

@book{parr07,
	author = {Terence Parr},
	title = {Language implementation patterns},
	year = 2007,
	publisher = {Pragmatic Programmers},
}

@article{knuth65,
	author = {Donald E. Knuth},
	year = 1965,
	title = "On the Translation of Languages from Left to Right",
	journal = {Information and control},
	number = 8,
	pages = "607-639",
}
@techreport{Deremer69,
	author = {Deremer, F. L.},
	title = {Practical Translators for LR(K) Languages},
	year = {1969},
	source = 	{http://www.ncstrl.org:8900/ncstrl/servlet/search?formname=detail\&id=oai%3Ancstrlh%3Amitai%3AMIT-LCS%2F%2FMIT%2FLCS%2FTR-65},
	publisher = {Massachusetts Institute of Technology},
	address = {Cambridge, MA, USA},
}
